723 1228
332 36 435 76 12 —
56 90 676 132 zum andernmal verheiratet. Seine erste Frau hatte er
55 125 674 160 rein des Geldes willen genommen, und die Kinder wa¬
59 166 676 196 ren ihnen weggestorben. Nun bei Jahren und krän¬
62 193 512 233 kelnd, freite er ganz nach seiner Wahl.
102 229 675 262 Er war allerdings wohl zu alt für sein neues Weib.
57 264 675 298 Wenn man schon aber viele und beständige Schmerzen
56 298 681 334 hat, so liebt man doppelt ein hübsches und freundliches
57 331 681 366 Gesicht, bei dessen Anblick man ihrer vergißt. Die
56 366 675 399 Beine wollten nicht mehr mit. Sie machten ihm ein
62 401 673 436 schweres Kreuz, und die Doktoren schmierten so an ihm
54 437 673 474 herum. Er mußte auch viele Tage zu Bett liegen, aber
61 472 676 509 sein Geist blieb frisch, und seine Geschäfte trieb er, wie
55 503 205 540 der Jüngste.
103 536 682 573 Er hatte etwas gehabt und einiges erheiratet. Und
57 572 675 608 das war unter seiner Hand gewachsen durch Viehhandel
58 604 681 636 und durch glückliche Spekulationen. Da hatten die
57 641 679 671 Bauern auf sein Betreiben eine große Mälzerei ge¬
59 679 676 712 gründet, wie sie anderwärts bestanden und guten Er¬
61 708 680 740 trag gaben. Wozu erst die Gerste verkaufen und den
67 745 678 772 Deutschen den schönen Rutzen gönnen, den sie aus dem
58 775 681 813 Malz zogen? Wurde nicht jeder reich, der am Handel
58 807 679 841 damit beteiligt war? „Wie Brüder wollen wir mit¬
51 845 673 884 einander sein, wie Brüder!“ Als aber die ersten Jahre
55 878 669 921 nicht gleich den großen Gewinn brachten, den man sich
57 914 673 946 erhofft, als man gar Nachzahlungen forderte und wirk¬
59 951 670 985 lich eintrieb, da erschraken die kleinen Leute und war¬
57 982 672 1021 fen ihre Anteile hin. Zapletal aber bückte sich um
58 1019 675 1051 jeden einzelnen und las ihn auf. Seit damals habe er
55 1051 681 1091 Kreuzschmerzen, spotteten die Leute. Und über Nacht
57 1088 673 1122 war er der alleinige Herr des Unternehmens, das nun
50 1118 471 1161 durch seine Klugheit mächtig gedieh.
